<record><leader>00000cas a2200000 a 4500</leader><controlfield tag="001">9747738</controlfield><controlfield tag="008">830728d19882002couwr ne      0   a0eng c</controlfield><datafield ind1=" " ind2=" " tag="010"><subfield code="a">sn 83008370 </subfield></datafield><datafield ind1=" " ind2=" " tag="040"><subfield code="a">NSD</subfield><subfield code="b">eng</subfield><subfield code="c">NSD</subfield><subfield code="d">IXA</subfield><subfield code="d">NSD</subfield><subfield code="d">CNK</subfield><subfield code="d">IXA</subfield><subfield code="d">CUS</subfield><subfield code="d">IXA</subfield><subfield code="d">DLC</subfield><subfield code="d">SERSO</subfield><subfield code="d">DLC</subfield><subfield code="d">OCLCQ</subfield><subfield code="d">OCLCF</subfield><subfield code="d">OCLCO</subfield></datafield><datafield ind1=" " ind2=" " tag="012"><subfield code="i">9206</subfield><subfield code="j">0</subfield></datafield><datafield ind1="1" ind2=" " tag="022"><subfield code="a">0746-0988</subfield><subfield code="l">0746-0988</subfield><subfield code="2">1</subfield></datafield><datafield ind1="1" ind2=" " tag="029"><subfield code="a">AU@</subfield><subfield code="b">000020699212</subfield></datafield><datafield ind1="0" ind2=" " tag="041"><subfield code="a">eng</subfield><subfield code="a">spa</subfield></datafield><datafield ind1=" " ind2=" " tag="042"><subfield code="a">nsdp</subfield><subfield code="a">pcc</subfield></datafield><datafield ind1=" " ind2=" " tag="043"><subfield code="a">n-us-co</subfield></datafield><datafield ind1="0" ind2="0" tag="050"><subfield code="a">Newspaper</subfield></datafield><datafield ind1=" " ind2="4" tag="050"><subfield code="a">E184.M5</subfield><subfield code="b">V766</subfield></datafield><datafield ind1="0" ind2=" " tag="130"><subfield code="a">Voz (Denver, Colo.)</subfield></datafield><datafield ind1=" " ind2="3" tag="222"><subfield code="a">La Voz</subfield><subfield code="b">(Denver, Colo.)</subfield></datafield><datafield ind1="0" ind2="3" tag="245"><subfield code="a">La voz.</subfield></datafield><datafield ind1="1" ind2="3" tag="246"><subfield code="a">Voz de Colorado</subfield></datafield><datafield ind1=" " ind2=" " tag="260"><subfield code="a">Denver, CO :</subfield><subfield code="b">Wanda M. Padilla,</subfield><subfield code="c">[1988]-2002.</subfield></datafield><datafield ind1=" " ind2=" " tag="300"><subfield code="a">15 v. :</subfield><subfield code="b">ill. ;</subfield><subfield code="c">38-42 cm.</subfield></datafield><datafield ind1=" " ind2=" " tag="310"><subfield code="a">Weekly</subfield></datafield><datafield ind1="0" ind2=" " tag="362"><subfield code="a">Vol. 14, no. 1 (1 de enero de 1987 [i.e. 1988])-vol. 28, no. 28 (July 10, 2002).</subfield></datafield><datafield ind1=" " ind2=" " tag="546"><subfield code="a">English and Spanish.</subfield></datafield><datafield ind1=" " ind2=" " tag="530"><subfield code="a">Also available online as archived issues of the later title.</subfield></datafield><datafield ind1=" " ind2=" " tag="530"><subfield code="a">Also available on microfilm from the Library of Congress Photoduplication Service.</subfield></datafield><datafield ind1=" " ind2="0" tag="650"><subfield code="a">Hispanic Americans</subfield><subfield code="z">Colorado</subfield><subfield code="v">Newspapers.</subfield></datafield><datafield ind1=" " ind2="0" tag="651"><subfield code="a">Denver (Colo.)</subfield><subfield code="v">Newspapers.</subfield></datafield><datafield ind1=" " ind2="7" tag="655"><subfield code="a">Newspapers.</subfield><subfield code="2">fast</subfield><subfield code="0">(OCoLC)fst01423814</subfield></datafield><datafield ind1=" " ind2="7" tag="650"><subfield code="a">Hispanic Americans.</subfield><subfield code="2">fast</subfield><subfield code="0">(OCoLC)fst00957523</subfield></datafield><datafield ind1=" " ind2="7" tag="651"><subfield code="a">Colorado.</subfield><subfield code="2">fast</subfield><subfield code="0">(OCoLC)fst01210251</subfield></datafield><datafield ind1=" " ind2="7" tag="651"><subfield code="a">Colorado</subfield><subfield code="z">Denver.</subfield><subfield code="2">fast</subfield><subfield code="0">(OCoLC)fst01205192</subfield></datafield><datafield ind1="0" ind2="0" tag="780"><subfield code="t">Voz hispana de Colorado</subfield><subfield code="w">(DLC)sn 83009060</subfield><subfield code="w">(OCoLC)5001778</subfield></datafield><datafield ind1="0" ind2="0" tag="785"><subfield code="t">Voz nueva (Denver, Colo.)</subfield><subfield code="w">(DLC)sn2005058126</subfield><subfield code="w">(OCoLC)52826683</subfield></datafield><datafield ind1=" " ind2=" " tag="752"><subfield code="a">United States</subfield><subfield code="b">Colorado</subfield><subfield code="c">Denver</subfield><subfield code="d">Denver.</subfield></datafield><datafield ind1=" " ind2=" " tag="850"><subfield code="a">TxU</subfield></datafield><datafield ind1="4" ind2="1" tag="856"><subfield code="u">http://www.lavozcolorado.com</subfield></datafield></record>